@book{oppenheim2013discrete,
  title={Discrete-Time Signal Processing: Pearson New International Edition},
  author={Oppenheim, A.V. and Schafer, R.W.},
  isbn={9781292038155},
  url={https://books.google.com.br/books?id=LLupBwAAQBAJ},
  year={2013},
  publisher={Pearson Education Limited}
}
@book{chaparro2010signals,
  title={Signals and Systems using MATLAB},
  author={Chaparro, L.},
  isbn={9780080879338},
  lccn={2010023436},
  url={https://books.google.com.br/books?id=v5tPauYDRC4C},
  year={2010},
  publisher={Elsevier Science}
}